@book{Rosser_1968,
  author = {Rosser, William Geraint Vaughan},
  publisher = {Springer New York, NY},
  title = {Classical Electromagnetism via Relativity },
  year = {1968},
}


@article{Page_1912,
  author = {Page, Leigh},
  title = {Derivation of the fundamental relations of electrodynamics from those of electrostatics},
  year = {1912},
  url = {https://zenodo.org/record/1450178},
}


@book{Thornton_2003,
  title = {Classical Dynamics of Particles and Systems},
  author = {Thornton, Stephen T. and Marion, Jerry B.},
  year = {2003},
  edition = {5th},
  publisher = {Brooks/Cole},
  address = {Pacific Grove, CA},
  isbn = {9780534408961},
}


@book{Thorne_2017,
  title = {Modern Classical Physics: Optics, Fluids, Plasmas, Elasticity, Relativity, and Statistical Physics},
  author = {Kip S. Thorne and Roger D. Blandford},
  year = {2017},
  publisher = {Princeton University Press},
  address = {Princeton, NJ},
  isbn = {9780691159027},
}


@book{Griffiths_2017,
  author = {David J. Griffiths},
  title = {Introduction to Electrodynamics},
  edition = {4th},
  year = {2017},
  publisher = {Cambridge University Press},
  address = {Cambridge, UK},
}
