
@book{dragon_geometry_srt,
	author = "Dragon, Norbert",
	title = "The Geometry of Special Relativity - a Concise Course",
	publisher = "Springer Verlag",
  	edition = "1st",
	year = "2012",
    doi = "https://doi.org/10.1007/978-3-642-28329-1"
}


@misc{giulini_srt,
	author = "Giulini, Domenico",
	title = "Lecture Notes - Foundations and Applications of Special Relativity",
	year = "2021"
}


@book{penrose_road_to_reality,
    author = "Penrose, Roger",
    publisher = "Vintage Books",
    year = "2007"%,
    % isbn = "0-679-77631-1"
}